@book{demeyer2008,
	Annote = {book},
	Bdsk-url-1 = {http://scg.unibe.ch/download/oorp/},
	Isbn = {978-3-9523341-2-6},
	Keywords = {olit scg08 scg-pub snf-none jb09 skip-doi stefPub mooseCincom moose-pub},
	Medium = {2},
	Peerreview = {no},
	publisher = {Square Bracket Associates},
	Url = {http://scg.unibe.ch/download/oorp/},
	author = {Demeyer, Serge and Ducasse, St√©phane and Nierstrasz, Oscar},
	title = {Object-Oriented Reengineering Patterns},
	year = {2008},
	note = {(This book is available as a free download from http://www.iam.unibe.ch/~scg/OORP/.)},
}

@book{raymond1999,
 author = {Raymond, Eric S.},
 title = {The  Cathedral and the Bazaar},
 year = {1999},
 isbn = {1565927249},
 edition = {1st},
 publisher = {O'Reilly \& Associates, Inc.},
 address = {Sebastopol, CA, USA},
}

@article{zhang2015,
  author={Zhang, Yizhong and Yin, Chunji and Zheng, Changxi and Zhou, Kun},
  title={Computational hydrographic printing},
  journal={ACM Transactions on Graphics (TOG)},
  volume={34},
  number={4},
  pages={131},
  year={2015},
  publisher={ACM},
  url={http://www.cs.columbia.edu/~cxz/publications/hydrographics.pdf},	
  urldate = {2018-05-16}, 
}

@article{panozzo2015,
author = {Daniele Panozzo and Olga Diamanti and Sylvain Paris and Marco Tarini and Evgeni Sorkine and Olga Sorkine-Hornung},
title = {Texture Mapping Real-World Objects with Hydrographics},
journal = {Computer Graphics Forum (proceedings of EUROGRAPHICS Symposium on Geometry Processing)},
volume = {34},
number = {5},
pages = {65--75},
year = {2015},
}

@article{schuller2016,
  title={Computational thermoforming},
  author={Sch{\"u}ller, Christian and Panozzo, Daniele and Grundh{\"o}fer, Anselm and Zimmer, Henning and Sorkine, Evgeni and Sorkine-Hornung, Olga},
  journal={ACM Transactions on Graphics (TOG)},
  volume={35},
  number={4},
  pages={43},
  year={2016},
  publisher={ACM}
}

